@article{otherpaper,
    author  = "Auth Or, Ad Visor",
    title   = "Phenomenology and scaling of elf wing kinematics",
    year    = "2034",
    journal = "Bioinspiration \& Biomimetics",
    volume  = "73",
    number  = "9",
    pages   = "03421"
}

@article{test2021,
author = {Lastname, Firstname},
title = {Title of the paper},
journal = {Journal},
volume = {1},
year = {2021}
}

@article{Gopen1990,
author = {Gopen, George and Swan, Judith},
title = {{The science of scientific writing}},
journal = {American Scientist},
year = {1990}
}


@article{betterfigures, 
year = {2014}, 
rating = {0}, 
title = {{Ten Simple Rules for Better Figures}}, 
author = {Rougier, Nicolas P and Droettboom, Michael and Bourne, Philip E}, 
journal = {PLOS Computational Biology}, 
issn = {1553-734X}, 
doi = {10.1371/journal.pcbi.1003833}, 
pmid = {25210732}, 
number = {9}, 
volume = {10}
}